
                </collection>
            </utfx:source>
            <utfx:expected validate="no">
                <collection xmlns:marc="http://www.loc.gov/MARC21/slim"
                    xmlns:xsi="http://www.w3.org/2001/XMLSchema-instance">
                    <record>
                        <leader>00000nam a22000002a 4500</leader>
                        <controlfield tag="008"> 20uu9999 |||||s|||||00| 0|eng d </controlfield>
                        <datafield tag="243" ind1=" " ind2=" ">
                            <subfield code="a">Acanthaceae</subfield>
                            <subfield code="g">Brunoniella spiciflora</subfield>
                        </datafield>
                        <datafield tag="100" ind1=" " ind2=" ">
                            <subfield code="a">E. Rider</subfield>
                        </datafield>
                        <datafield tag="046" ind1=" " ind2=" ">
                            <subfield code="a">m</subfield>
                            <subfield code="k">30/12/1975</subfield>
                            <subfield code="l">12/1975</subfield>
                        </datafield>
                      
                        <datafield tag="662" ind1=" " ind2=" ">
                            <subfield code="b">Region Name Goes Here</subfield>
                        </datafield>
                        <datafield tag="041" ind1="0" ind2=" ">
                            <subfield code="a">eng</subfield>
                        </datafield>
                        <datafield tag="546" ind1="0" ind2=" ">
                            <subfield code="a">eng</subfield>
                        </datafield>

                    </record>
                </collection>
            </utfx:expected>
        </utfx:assert-equal>
        </utfx:test>


        <!-- Item Title (three 662 subfields)-->
    <utfx:test>
        <utfx:name>Item Title 3</utfx:name>
        <utfx:assert-equal>
            <utfx:source validate="no">
                <collection xmlns:xsi="http://www.w3.org/2001/XMLSchema-instance">

                    <record>
                        <Batch_No>820 10 D5 (54)</Batch_No>
                        <Family_Name>Acanthaceae</Family_Name>
                        <Botanical_Name>Brunoniella spiciflora</Botanical_Name>
                        <Collect_Name>E. Rider</Collect_Name>
                        <Collect_Date>32933</Collect_Date>
                        <Deter_Name>Government Botanist</Deter_Name>
                         <Region_Name>Region Name Goes Here</Region_Name>
                        <District_Name>Imbil</District_Name>
                        <Locality>Mt Kandangar</Locality>
                       
                        <Label>Peter Bostock says that users have been misapplying etc name
                            Isoglossa eranthemoulis.</Label>
                        <Reference_Set>Field</Reference_Set>

                    </record>