
                </collection>
            </utfx:source>
            <utfx:expected validate="no">
                <collection xmlns:marc="http://www.loc.gov/MARC21/slim"
                    xmlns:xsi="http://www.w3.org/2001/XMLSchema-instance">
                    <record>
                        <leader>00000nam a22000002a 4500</leader>
                        <controlfield tag="008"> 20uu9999 |||||s|||||00| 0|eng d </controlfield>
                        <datafield tag="243" ind1=" " ind2=" ">
                            <subfield code="a">Acanthaceae</subfield>
                            <subfield code="g">Brunoniella spiciflora</subfield>
                        </datafield>
                        <datafield tag="100" ind1=" " ind2=" ">
                            <subfield code="a">E. Rider</subfield>
                        </datafield>
                        <datafield tag="046" ind1=" " ind2=" ">
                            <subfield code="a">m</subfield>
                            <subfield code="k">32933</subfield>
                        </datafield>
                       
                        <datafield tag="662" ind1=" " ind2=" ">
                            <subfield code="b">Region Name Goes Here</subfield>
                            <subfield code="c">Imbil</subfield>
                            <subfield code="g">Mt Kandangar</subfield>
                        </datafield>
                        <datafield tag="041" ind1="0" ind2=" ">
                            <subfield code="a">eng</subfield>
                        </datafield>
                        <datafield tag="546" ind1="0" ind2=" ">
                            <subfield code="a">eng</subfield>
                        </datafield>

                    </record>
                </collection>
            </utfx:expected>
        </utfx:assert-equal>
    </utfx:test>


</utfx:tests>
